% This file was created with JabRef 2.10.
% Encoding: Cp1252


@Article{Mason1956,
  Title                    = {Feedback Theory-Further Properties of Signal Flow Graphs},
  Author                   = {Mason, S.J.},
  Journal                  = {Proceedings of the IRE},
  Year                     = {1956},
  Number                   = {7},
  Pages                    = {920--926},
  Volume                   = {44},

  __markedentry            = {[Hanspeter:6]},
  Doi                      = {10.1109/JRPROC.1956.275147},
  Owner                    = {Hanspeter},
  Timestamp                = {2015.08.24},
  Url                      = {http://ieeexplore.ieee.org/stamp/stamp.jsp?arnumber=4052126}
}

@Article{Mason1953,
  Title                    = {Feedback Theory-Some Properties of Signal Flow Graphs},
  Author                   = {Mason, S.J.},
  Journal                  = {Proceedings of the IRE},
  Year                     = {1953},
  Number                   = {9},
  Pages                    = {1144--1156},
  Volume                   = {41},

  __markedentry            = {[Hanspeter:6]},
  Doi                      = {10.1109/JRPROC.1953.274449},
  Owner                    = {Hanspeter},
  Timestamp                = {2015.08.24},
  Url                      = {http://ieeexplore.ieee.org/stamp/stamp.jsp?arnumber=4051460}
}

