
@book{ wiki,
	   publisher = "Stephan Wiki",
       author = "Werner Witz",
       title = "Elektronik - keine Kunst!: Grundlagen der Elektronik.",
       year = "2015",
       pages = "404" }
       
@unpublished{ ant,
       author = "Pascal Schleuniger",
       title = "Analogtechnik (ant) Skript",
       note = "Unpubliziertes Dokument",
       year = "o.J",
       organization = "Hochschule f√ºr Technik der Fachhochschule 						Nordwestschweiz (FHNW)" }
       
@misc{ wikiSMD,
       author = "wikipedia.org",
       title = "Surface-mounted device",
       year = "1.1.2017",
       url = "https://de.wikipedia.org/wiki/Surface-mounted_device" }
       
@misc{ fail,
       author = "electronics-tutorials.ws",
       title = "Active Low Pass Filter",
       year = "1.1.2017",
       url = "http://www.electronics-tutorials.ws/filter/filter_5.html" }
       
       
       

